<record><leader>00000cas a22000007a 4500</leader><controlfield tag="001">30325964</controlfield><controlfield tag="008">940425d19051905okuwr ne      0    0eng d</controlfield><datafield ind1=" " ind2=" " tag="010"><subfield code="a">sn 94058796 </subfield></datafield><datafield ind1=" " ind2=" " tag="040"><subfield code="a">OBN</subfield><subfield code="b">eng</subfield><subfield code="c">OBN</subfield><subfield code="d">OCL</subfield><subfield code="d">OCLCQ</subfield></datafield><datafield ind1=" " ind2=" " tag="042"><subfield code="a">msc</subfield></datafield><datafield ind1="0" ind2=" " tag="130"><subfield code="a">Signal (Idabel, Okla. : 1905)</subfield></datafield><datafield ind1="1" ind2="4" tag="245"><subfield code="a">The-Signal.</subfield></datafield><datafield ind1=" " ind2=" " tag="260"><subfield code="a">Idabel, Ind. Ter. [Okla.] :</subfield><subfield code="b">J.B. Silvey</subfield></datafield><datafield ind1=" " ind2=" " tag="300"><subfield code="a">v.</subfield></datafield><datafield ind1=" " ind2=" " tag="310"><subfield code="a">Weekly</subfield></datafield><datafield ind1=" " ind2=" " tag="321"><subfield code="a">Began May 25,</subfield><subfield code="b">1905; ceased Sept. 26, 1905</subfield></datafield><datafield ind1="0" ind2=" " tag="362"><subfield code="a">-v.1, no. 19 (Sept. 26, 1905).</subfield></datafield><datafield ind1=" " ind2=" " tag="588"><subfield code="a">Description based on: Vol. 1, no. 5 (June 22, 1905).</subfield></datafield><datafield ind1=" " ind2="4" tag="651"><subfield code="a">Idabel (Okla.)</subfield><subfield code="v">Newspapers.</subfield></datafield><datafield ind1=" " ind2="4" tag="651"><subfield code="a">McCurtain County (Okla.)</subfield><subfield code="v">Newspapers.</subfield></datafield><datafield ind1=" " ind2="4" tag="651"><subfield code="a">Indian Territory (Okla.)</subfield><subfield code="v">Newspapers.</subfield></datafield><datafield ind1=" " ind2=" " tag="752"><subfield code="a">United States</subfield><subfield code="b">Oklahoma</subfield><subfield code="c">McCurtain</subfield><subfield code="d">Idabel.</subfield></datafield><datafield ind1="0" ind2="0" tag="785"><subfield code="t">Idabel Signal</subfield><subfield code="w">(DLC)sn 94058797</subfield><subfield code="w">(OCoLC)30326030</subfield></datafield><datafield ind1="1" ind2=" " tag="029"><subfield code="a">AU@</subfield><subfield code="b">000010976681</subfield></datafield></record>